%YAML 1.1
%TAG !u! tag:unity3d.com,2011:
--- !u!1 &594700490374837060
GameObject:
  m_ObjectHideFlags: 0
  m_CorrespondingSourceObject: {fileID: 0}
  m_PrefabInstance: {fileID: 0}
  m_PrefabAsset: {fileID: 0}
  serializedVersion: 6
  m_Component:
  - component: {fileID: 8269595480552726444}
  - component: {fileID: 1993464365943702400}
  m_Layer: 5
  m_Name: Horizontal_Keys
  m_TagString: Untagged
  m_Icon: {fileID: 0}
  m_NavMeshLayer: 0
  m_StaticEditorFlags: 0
  m_IsActive: 1
--- !u!224 &8269595480552726444
RectTransform:
  m_ObjectHideFlags: 0
  m_CorrespondingSourceObject: {fileID: 0}
  m_PrefabInstance: {fileID: 0}
  m_PrefabAsset: {fileID: 0}
  m_GameObject: {fileID: 594700490374837060}
  m_LocalRotation: {x: 0, y: 0, z: 0, w: 1}
  m_LocalPosition: {x: 0, y: 0, z: 0}
  m_LocalScale: {x: 1, y: 1, z: 1}
  m_Children:
  - {fileID: 6812424388487209812}
  - {fileID: 772312869406656197}
  - {fileID: 8898939934540498827}
  - {fileID: 5249185118198387696}
  m_Father: {fileID: 5666760699888459791}
  m_RootOrder: 0
  m_LocalEulerAnglesHint: {x: 0, y: 0, z: 0}
  m_AnchorMin: {x: 0, y: 0}
  m_AnchorMax: {x: 1, y: 1}
  m_AnchoredPosition: {x: 0, y: 0}
  m_SizeDelta: {x: 0, y: 0}
  m_Pivot: {x: 0.5, y: 0.5}
--- !u!114 &1993464365943702400
MonoBehaviour:
  m_ObjectHideFlags: 0
  m_CorrespondingSourceObject: {fileID: 0}
  m_PrefabInstance: {fileID: 0}
  m_PrefabAsset: {fileID: 0}
  m_GameObject: {fileID: 594700490374837060}
  m_Enabled: 1
  m_EditorHideFlags: 0
  m_Script: {fileID: 11500000, guid: 30649d3a9faa99c48a7b1166b86bf2a0, type: 3}
  m_Name: 
  m_EditorClassIdentifier: 
  m_Padding:
    m_Left: 0
    m_Right: 0
    m_Top: 0
    m_Bottom: 0
  m_ChildAlignment: 4
  m_Spacing: 0
  m_ChildForceExpandWidth: 1
  m_ChildForceExpandHeight: 1
  m_ChildControlWidth: 0
  m_ChildControlHeight: 0
  m_ChildScaleWidth: 0
  m_ChildScaleHeight: 1
--- !u!1 &1993682674028546562
GameObject:
  m_ObjectHideFlags: 0
  m_CorrespondingSourceObject: {fileID: 0}
  m_PrefabInstance: {fileID: 0}
  m_PrefabAsset: {fileID: 0}
  serializedVersion: 6
  m_Component:
  - component: {fileID: 5666760699888459791}
  - component: {fileID: 7300854950155358703}
  m_Layer: 5
  m_Name: Panel_Key
  m_TagString: Untagged
  m_Icon: {fileID: 0}
  m_NavMeshLayer: 0
  m_StaticEditorFlags: 0
  m_IsActive: 1
--- !u!224 &5666760699888459791
RectTransform:
  m_ObjectHideFlags: 0
  m_CorrespondingSourceObject: {fileID: 0}
  m_PrefabInstance: {fileID: 0}
  m_PrefabAsset: {fileID: 0}
  m_GameObject: {fileID: 1993682674028546562}
  m_LocalRotation: {x: -0, y: -0, z: -0, w: 1}
  m_LocalPosition: {x: 0, y: 0, z: 0}
  m_LocalScale: {x: 1, y: 1, z: 1}
  m_Children:
  - {fileID: 8269595480552726444}
  m_Father: {fileID: 0}
  m_RootOrder: 0
  m_LocalEulerAnglesHint: {x: 0, y: 0, z: 0}
  m_AnchorMin: {x: 0.5, y: 0.5}
  m_AnchorMax: {x: 0.5, y: 0.5}
  m_AnchoredPosition: {x: -230.51, y: 495.1}
  m_SizeDelta: {x: 174.81, y: 116.7}
  m_Pivot: {x: 0.5, y: 1}
--- !u!114 &7300854950155358703
MonoBehaviour:
  m_ObjectHideFlags: 0
  m_CorrespondingSourceObject: {fileID: 0}
  m_PrefabInstance: {fileID: 0}
  m_PrefabAsset: {fileID: 0}
  m_GameObject: {fileID: 1993682674028546562}
  m_Enabled: 1
  m_EditorHideFlags: 0
  m_Script: {fileID: 11500000, guid: d54da1a8453d5144f8842e4c3b9e3c94, type: 3}
  m_Name: 
  m_EditorClassIdentifier: 
  KeyImages:
  - {fileID: 2790447422313305186}
  - {fileID: 8251985056523694579}
  - {fileID: 237666579101020349}
  DoubleKeyObject: {fileID: 7590870457060220139}
  KeyFillSprite: {fileID: 21300000, guid: 0e9b2be8311c8494a9d1c6c370e5df09, type: 3}
  KeyEmptySprite: {fileID: 21300000, guid: f7c6da91ad30c304fb69662bad3bb93d, type: 3}
--- !u!1 &7590870457060220139
GameObject:
  m_ObjectHideFlags: 0
  m_CorrespondingSourceObject: {fileID: 0}
  m_PrefabInstance: {fileID: 0}
  m_PrefabAsset: {fileID: 0}
  serializedVersion: 6
  m_Component:
  - component: {fileID: 5249185118198387696}
  - component: {fileID: 8722937872402012076}
  - component: {fileID: 563627077349602859}
  - component: {fileID: 5870749040978879284}
  m_Layer: 5
  m_Name: Text_Double
  m_TagString: Untagged
  m_Icon: {fileID: 0}
  m_NavMeshLayer: 0
  m_StaticEditorFlags: 0
  m_IsActive: 1
--- !u!224 &5249185118198387696
RectTransform:
  m_ObjectHideFlags: 0
  m_CorrespondingSourceObject: {fileID: 0}
  m_PrefabInstance: {fileID: 0}
  m_PrefabAsset: {fileID: 0}
  m_GameObject: {fileID: 7590870457060220139}
  m_LocalRotation: {x: -0, y: -0, z: -0, w: 1}
  m_LocalPosition: {x: 0, y: 0, z: 0}
  m_LocalScale: {x: 1, y: 1, z: 1}
  m_Children: []
  m_Father: {fileID: 8269595480552726444}
  m_RootOrder: 3
  m_LocalEulerAnglesHint: {x: 0, y: 0, z: 0}
  m_AnchorMin: {x: 1, y: 0.5}
  m_AnchorMax: {x: 1, y: 0.5}
  m_AnchoredPosition: {x: 0, y: 0}
  m_SizeDelta: {x: 65, y: 65}
  m_Pivot: {x: 0, y: 0.5}
--- !u!222 &8722937872402012076
CanvasRenderer:
  m_ObjectHideFlags: 0
  m_CorrespondingSourceObject: {fileID: 0}
  m_PrefabInstance: {fileID: 0}
  m_PrefabAsset: {fileID: 0}
  m_GameObject: {fileID: 7590870457060220139}
  m_CullTransparentMesh: 0
--- !u!114 &563627077349602859
MonoBehaviour:
  m_ObjectHideFlags: 0
  m_CorrespondingSourceObject: {fileID: 0}
  m_PrefabInstance: {fileID: 0}
  m_PrefabAsset: {fileID: 0}
  m_GameObject: {fileID: 7590870457060220139}
  m_Enabled: 1
  m_EditorHideFlags: 0
  m_Script: {fileID: 11500000, guid: f4688fdb7df04437aeb418b961361dc5, type: 3}
  m_Name: 
  m_EditorClassIdentifier: 
  m_Material: {fileID: 0}
  m_Color: {r: 1, g: 1, b: 1, a: 1}
  m_RaycastTarget: 1
  m_OnCullStateChanged:
    m_PersistentCalls:
      m_Calls: []
    m_TypeName: UnityEngine.UI.MaskableGraphic+CullStateChangedEvent, UnityEngine.UI,
      Version=1.0.0.0, Culture=neutral, PublicKeyToken=null
  m_text: x2
  m_isRightToLeft: 0
  m_fontAsset: {fileID: 11400000, guid: 8f586378b4e144a9851e7b34d9b748ee, type: 2}
  m_sharedMaterial: {fileID: 2180264, guid: 8f586378b4e144a9851e7b34d9b748ee, type: 2}
  m_fontSharedMaterials: []
  m_fontMaterial: {fileID: 0}
  m_fontMaterials: []
  m_fontColor32:
    serializedVersion: 2
    rgba: 4294967295
  m_fontColor: {r: 1, g: 1, b: 1, a: 1}
  m_enableVertexGradient: 0
  m_colorMode: 3
  m_fontColorGradient:
    topLeft: {r: 1, g: 1, b: 1, a: 1}
    topRight: {r: 1, g: 1, b: 1, a: 1}
    bottomLeft: {r: 1, g: 1, b: 1, a: 1}
    bottomRight: {r: 1, g: 1, b: 1, a: 1}
  m_fontColorGradientPreset: {fileID: 0}
  m_spriteAsset: {fileID: 0}
  m_tintAllSprites: 0
  m_overrideHtmlColors: 0
  m_faceColor:
    serializedVersion: 2
    rgba: 4294967295
  m_outlineColor:
    serializedVersion: 2
    rgba: 4278190080
  m_fontSize: 45
  m_fontSizeBase: 45
  m_fontWeight: 400
  m_enableAutoSizing: 0
  m_fontSizeMin: 18
  m_fontSizeMax: 72
  m_fontStyle: 0
  m_textAlignment: 514
  m_characterSpacing: 0
  m_wordSpacing: 0
  m_lineSpacing: 0
  m_lineSpacingMax: 0
  m_paragraphSpacing: 0
  m_charWidthMaxAdj: 0
  m_enableWordWrapping: 1
  m_wordWrappingRatios: 0.4
  m_overflowMode: 0
  m_firstOverflowCharacterIndex: -1
  m_linkedTextComponent: {fileID: 0}
  m_isLinkedTextComponent: 0
  m_isTextTruncated: 0
  m_enableKerning: 1
  m_enableExtraPadding: 0
  checkPaddingRequired: 0
  m_isRichText: 1
  m_parseCtrlCharacters: 1
  m_isOrthographic: 1
  m_isCullingEnabled: 0
  m_ignoreRectMaskCulling: 0
  m_ignoreCulling: 1
  m_horizontalMapping: 0
  m_verticalMapping: 0
  m_uvLineOffset: 0
  m_geometrySortingOrder: 0
  m_VertexBufferAutoSizeReduction: 1
  m_firstVisibleCharacter: 0
  m_useMaxVisibleDescender: 1
  m_pageToDisplay: 1
  m_margin: {x: 0, y: 0, z: 0, w: 0}
  m_textInfo:
    textComponent: {fileID: 563627077349602859}
    characterCount: 2
    spriteCount: 0
    spaceCount: 0
    wordCount: 1
    linkCount: 0
    lineCount: 1
    pageCount: 1
    materialCount: 1
  m_isUsingLegacyAnimationComponent: 0
  m_isVolumetricText: 0
  m_spriteAnimator: {fileID: 0}
  m_hasFontAssetChanged: 0
  m_subTextObjects:
  - {fileID: 0}
  - {fileID: 0}
  - {fileID: 0}
  - {fileID: 0}
  - {fileID: 0}
  - {fileID: 0}
  - {fileID: 0}
  - {fileID: 0}
  m_baseMaterial: {fileID: 0}
  m_maskOffset: {x: 0, y: 0, z: 0, w: 0}
--- !u!114 &5870749040978879284
MonoBehaviour:
  m_ObjectHideFlags: 0
  m_CorrespondingSourceObject: {fileID: 0}
  m_PrefabInstance: {fileID: 0}
  m_PrefabAsset: {fileID: 0}
  m_GameObject: {fileID: 7590870457060220139}
  m_Enabled: 1
  m_EditorHideFlags: 0
  m_Script: {fileID: 11500000, guid: 306cc8c2b49d7114eaa3623786fc2126, type: 3}
  m_Name: 
  m_EditorClassIdentifier: 
  m_IgnoreLayout: 1
  m_MinWidth: -1
  m_MinHeight: -1
  m_PreferredWidth: -1
  m_PreferredHeight: -1
  m_FlexibleWidth: -1
  m_FlexibleHeight: -1
  m_LayoutPriority: 1
--- !u!1001 &1701038576901638642
PrefabInstance:
  m_ObjectHideFlags: 0
  serializedVersion: 2
  m_Modification:
    m_TransformParent: {fileID: 8269595480552726444}
    m_Modifications:
    - target: {fileID: 798688858728202718, guid: e52ec271b85bce841a90e6e850b90679,
        type: 3}
      propertyPath: m_Name
      value: Image_Key_1
      objectReference: {fileID: 0}
    - target: {fileID: 2102200144589426487, guid: e52ec271b85bce841a90e6e850b90679,
        type: 3}
      propertyPath: m_LocalPosition.x
      value: 0
      objectReference: {fileID: 0}
    - target: {fileID: 2102200144589426487, guid: e52ec271b85bce841a90e6e850b90679,
        type: 3}
      propertyPath: m_LocalPosition.y
      value: 0
      objectReference: {fileID: 0}
    - target: {fileID: 2102200144589426487, guid: e52ec271b85bce841a90e6e850b90679,
        type: 3}
      propertyPath: m_LocalPosition.z
      value: 0
      objectReference: {fileID: 0}
    - target: {fileID: 2102200144589426487, guid: e52ec271b85bce841a90e6e850b90679,
        type: 3}
      propertyPath: m_LocalRotation.x
      value: -0
      objectReference: {fileID: 0}
    - target: {fileID: 2102200144589426487, guid: e52ec271b85bce841a90e6e850b90679,
        type: 3}
      propertyPath: m_LocalRotation.y
      value: -0
      objectReference: {fileID: 0}
    - target: {fileID: 2102200144589426487, guid: e52ec271b85bce841a90e6e850b90679,
        type: 3}
      propertyPath: m_LocalRotation.z
      value: -0
      objectReference: {fileID: 0}
    - target: {fileID: 2102200144589426487, guid: e52ec271b85bce841a90e6e850b90679,
        type: 3}
      propertyPath: m_LocalRotation.w
      value: 1
      objectReference: {fileID: 0}
    - target: {fileID: 2102200144589426487, guid: e52ec271b85bce841a90e6e850b90679,
        type: 3}
      propertyPath: m_RootOrder
      value: 1
      objectReference: {fileID: 0}
    - target: {fileID: 2102200144589426487, guid: e52ec271b85bce841a90e6e850b90679,
        type: 3}
      propertyPath: m_LocalEulerAnglesHint.x
      value: 0
      objectReference: {fileID: 0}
    - target: {fileID: 2102200144589426487, guid: e52ec271b85bce841a90e6e850b90679,
        type: 3}
      propertyPath: m_LocalEulerAnglesHint.y
      value: 0
      objectReference: {fileID: 0}
    - target: {fileID: 2102200144589426487, guid: e52ec271b85bce841a90e6e850b90679,
        type: 3}
      propertyPath: m_LocalEulerAnglesHint.z
      value: 0
      objectReference: {fileID: 0}
    - target: {fileID: 2102200144589426487, guid: e52ec271b85bce841a90e6e850b90679,
        type: 3}
      propertyPath: m_AnchoredPosition.x
      value: 0
      objectReference: {fileID: 0}
    - target: {fileID: 2102200144589426487, guid: e52ec271b85bce841a90e6e850b90679,
        type: 3}
      propertyPath: m_AnchoredPosition.y
      value: 0
      objectReference: {fileID: 0}
    - target: {fileID: 2102200144589426487, guid: e52ec271b85bce841a90e6e850b90679,
        type: 3}
      propertyPath: m_SizeDelta.x
      value: 48.86
      objectReference: {fileID: 0}
    - target: {fileID: 2102200144589426487, guid: e52ec271b85bce841a90e6e850b90679,
        type: 3}
      propertyPath: m_SizeDelta.y
      value: 92.65
      objectReference: {fileID: 0}
    - target: {fileID: 2102200144589426487, guid: e52ec271b85bce841a90e6e850b90679,
        type: 3}
      propertyPath: m_AnchorMin.x
      value: 0
      objectReference: {fileID: 0}
    - target: {fileID: 2102200144589426487, guid: e52ec271b85bce841a90e6e850b90679,
        type: 3}
      propertyPath: m_AnchorMin.y
      value: 0
      objectReference: {fileID: 0}
    - target: {fileID: 2102200144589426487, guid: e52ec271b85bce841a90e6e850b90679,
        type: 3}
      propertyPath: m_AnchorMax.x
      value: 0
      objectReference: {fileID: 0}
    - target: {fileID: 2102200144589426487, guid: e52ec271b85bce841a90e6e850b90679,
        type: 3}
      propertyPath: m_AnchorMax.y
      value: 0
      objectReference: {fileID: 0}
    - target: {fileID: 2102200144589426487, guid: e52ec271b85bce841a90e6e850b90679,
        type: 3}
      propertyPath: m_Pivot.x
      value: 0.5
      objectReference: {fileID: 0}
    - target: {fileID: 2102200144589426487, guid: e52ec271b85bce841a90e6e850b90679,
        type: 3}
      propertyPath: m_Pivot.y
      value: 0.5
      objectReference: {fileID: 0}
    - target: {fileID: 2102200144589426487, guid: e52ec271b85bce841a90e6e850b90679,
        type: 3}
      propertyPath: m_LocalScale.x
      value: 1
      objectReference: {fileID: 0}
    - target: {fileID: 2102200144589426487, guid: e52ec271b85bce841a90e6e850b90679,
        type: 3}
      propertyPath: m_LocalScale.y
      value: 1
      objectReference: {fileID: 0}
    - target: {fileID: 2102200144589426487, guid: e52ec271b85bce841a90e6e850b90679,
        type: 3}
      propertyPath: m_LocalScale.z
      value: 1
      objectReference: {fileID: 0}
    - target: {fileID: 7286750678462527489, guid: e52ec271b85bce841a90e6e850b90679,
        type: 3}
      propertyPath: m_Sprite
      value: 
      objectReference: {fileID: 21300000, guid: 0e9b2be8311c8494a9d1c6c370e5df09,
        type: 3}
    m_RemovedComponents:
    - {fileID: 607330268955573738, guid: e52ec271b85bce841a90e6e850b90679, type: 3}
  m_SourcePrefab: {fileID: 100100000, guid: e52ec271b85bce841a90e6e850b90679, type: 3}
--- !u!224 &772312869406656197 stripped
RectTransform:
  m_CorrespondingSourceObject: {fileID: 2102200144589426487, guid: e52ec271b85bce841a90e6e850b90679,
    type: 3}
  m_PrefabInstance: {fileID: 1701038576901638642}
  m_PrefabAsset: {fileID: 0}
--- !u!114 &8251985056523694579 stripped
MonoBehaviour:
  m_CorrespondingSourceObject: {fileID: 7286750678462527489, guid: e52ec271b85bce841a90e6e850b90679,
    type: 3}
  m_PrefabInstance: {fileID: 1701038576901638642}
  m_PrefabAsset: {fileID: 0}
  m_GameObject: {fileID: 0}
  m_Enabled: 1
  m_EditorHideFlags: 0
  m_Script: {fileID: 11500000, guid: fe87c0e1cc204ed48ad3b37840f39efc, type: 3}
  m_Name: 
  m_EditorClassIdentifier: 
--- !u!1001 &4874605671132949603
PrefabInstance:
  m_ObjectHideFlags: 0
  serializedVersion: 2
  m_Modification:
    m_TransformParent: {fileID: 8269595480552726444}
    m_Modifications:
    - target: {fileID: 798688858728202718, guid: e52ec271b85bce841a90e6e850b90679,
        type: 3}
      propertyPath: m_Name
      value: Image_Key
      objectReference: {fileID: 0}
    - target: {fileID: 2102200144589426487, guid: e52ec271b85bce841a90e6e850b90679,
        type: 3}
      propertyPath: m_LocalPosition.x
      value: 0
      objectReference: {fileID: 0}
    - target: {fileID: 2102200144589426487, guid: e52ec271b85bce841a90e6e850b90679,
        type: 3}
      propertyPath: m_LocalPosition.y
      value: 0
      objectReference: {fileID: 0}
    - target: {fileID: 2102200144589426487, guid: e52ec271b85bce841a90e6e850b90679,
        type: 3}
      propertyPath: m_LocalPosition.z
      value: 0
      objectReference: {fileID: 0}
    - target: {fileID: 2102200144589426487, guid: e52ec271b85bce841a90e6e850b90679,
        type: 3}
      propertyPath: m_LocalRotation.x
      value: -0
      objectReference: {fileID: 0}
    - target: {fileID: 2102200144589426487, guid: e52ec271b85bce841a90e6e850b90679,
        type: 3}
      propertyPath: m_LocalRotation.y
      value: -0
      objectReference: {fileID: 0}
    - target: {fileID: 2102200144589426487, guid: e52ec271b85bce841a90e6e850b90679,
        type: 3}
      propertyPath: m_LocalRotation.z
      value: -0
      objectReference: {fileID: 0}
    - target: {fileID: 2102200144589426487, guid: e52ec271b85bce841a90e6e850b90679,
        type: 3}
      propertyPath: m_LocalRotation.w
      value: 1
      objectReference: {fileID: 0}
    - target: {fileID: 2102200144589426487, guid: e52ec271b85bce841a90e6e850b90679,
        type: 3}
      propertyPath: m_RootOrder
      value: 0
      objectReference: {fileID: 0}
    - target: {fileID: 2102200144589426487, guid: e52ec271b85bce841a90e6e850b90679,
        type: 3}
      propertyPath: m_LocalEulerAnglesHint.x
      value: 0
      objectReference: {fileID: 0}
    - target: {fileID: 2102200144589426487, guid: e52ec271b85bce841a90e6e850b90679,
        type: 3}
      propertyPath: m_LocalEulerAnglesHint.y
      value: 0
      objectReference: {fileID: 0}
    - target: {fileID: 2102200144589426487, guid: e52ec271b85bce841a90e6e850b90679,
        type: 3}
      propertyPath: m_LocalEulerAnglesHint.z
      value: 0
      objectReference: {fileID: 0}
    - target: {fileID: 2102200144589426487, guid: e52ec271b85bce841a90e6e850b90679,
        type: 3}
      propertyPath: m_AnchoredPosition.x
      value: 0
      objectReference: {fileID: 0}
    - target: {fileID: 2102200144589426487, guid: e52ec271b85bce841a90e6e850b90679,
        type: 3}
      propertyPath: m_AnchoredPosition.y
      value: 0
      objectReference: {fileID: 0}
    - target: {fileID: 2102200144589426487, guid: e52ec271b85bce841a90e6e850b90679,
        type: 3}
      propertyPath: m_SizeDelta.x
      value: 48.86
      objectReference: {fileID: 0}
    - target: {fileID: 2102200144589426487, guid: e52ec271b85bce841a90e6e850b90679,
        type: 3}
      propertyPath: m_SizeDelta.y
      value: 92.65
      objectReference: {fileID: 0}
    - target: {fileID: 2102200144589426487, guid: e52ec271b85bce841a90e6e850b90679,
        type: 3}
      propertyPath: m_AnchorMin.x
      value: 0
      objectReference: {fileID: 0}
    - target: {fileID: 2102200144589426487, guid: e52ec271b85bce841a90e6e850b90679,
        type: 3}
      propertyPath: m_AnchorMin.y
      value: 0
      objectReference: {fileID: 0}
    - target: {fileID: 2102200144589426487, guid: e52ec271b85bce841a90e6e850b90679,
        type: 3}
      propertyPath: m_AnchorMax.x
      value: 0
      objectReference: {fileID: 0}
    - target: {fileID: 2102200144589426487, guid: e52ec271b85bce841a90e6e850b90679,
        type: 3}
      propertyPath: m_AnchorMax.y
      value: 0
      objectReference: {fileID: 0}
    - target: {fileID: 2102200144589426487, guid: e52ec271b85bce841a90e6e850b90679,
        type: 3}
      propertyPath: m_Pivot.x
      value: 0.5
      objectReference: {fileID: 0}
    - target: {fileID: 2102200144589426487, guid: e52ec271b85bce841a90e6e850b90679,
        type: 3}
      propertyPath: m_Pivot.y
      value: 0.5
      objectReference: {fileID: 0}
    - target: {fileID: 7286750678462527489, guid: e52ec271b85bce841a90e6e850b90679,
        type: 3}
      propertyPath: m_Sprite
      value: 
      objectReference: {fileID: 21300000, guid: 0e9b2be8311c8494a9d1c6c370e5df09,
        type: 3}
    m_RemovedComponents:
    - {fileID: 607330268955573738, guid: e52ec271b85bce841a90e6e850b90679, type: 3}
  m_SourcePrefab: {fileID: 100100000, guid: e52ec271b85bce841a90e6e850b90679, type: 3}
--- !u!224 &6812424388487209812 stripped
RectTransform:
  m_CorrespondingSourceObject: {fileID: 2102200144589426487, guid: e52ec271b85bce841a90e6e850b90679,
    type: 3}
  m_PrefabInstance: {fileID: 4874605671132949603}
  m_PrefabAsset: {fileID: 0}
--- !u!114 &2790447422313305186 stripped
MonoBehaviour:
  m_CorrespondingSourceObject: {fileID: 7286750678462527489, guid: e52ec271b85bce841a90e6e850b90679,
    type: 3}
  m_PrefabInstance: {fileID: 4874605671132949603}
  m_PrefabAsset: {fileID: 0}
  m_GameObject: {fileID: 0}
  m_Enabled: 1
  m_EditorHideFlags: 0
  m_Script: {fileID: 11500000, guid: fe87c0e1cc204ed48ad3b37840f39efc, type: 3}
  m_Name: 
  m_EditorClassIdentifier: 
--- !u!1001 &7373484800370542780
PrefabInstance:
  m_ObjectHideFlags: 0
  serializedVersion: 2
  m_Modification:
    m_TransformParent: {fileID: 8269595480552726444}
    m_Modifications:
    - target: {fileID: 798688858728202718, guid: e52ec271b85bce841a90e6e850b90679,
        type: 3}
      propertyPath: m_Name
      value: Image_Key_2
      objectReference: {fileID: 0}
    - target: {fileID: 2102200144589426487, guid: e52ec271b85bce841a90e6e850b90679,
        type: 3}
      propertyPath: m_LocalPosition.x
      value: 0
      objectReference: {fileID: 0}
    - target: {fileID: 2102200144589426487, guid: e52ec271b85bce841a90e6e850b90679,
        type: 3}
      propertyPath: m_LocalPosition.y
      value: 0
      objectReference: {fileID: 0}
    - target: {fileID: 2102200144589426487, guid: e52ec271b85bce841a90e6e850b90679,
        type: 3}
      propertyPath: m_LocalPosition.z
      value: 0
      objectReference: {fileID: 0}
    - target: {fileID: 2102200144589426487, guid: e52ec271b85bce841a90e6e850b90679,
        type: 3}
      propertyPath: m_LocalRotation.x
      value: -0
      objectReference: {fileID: 0}
    - target: {fileID: 2102200144589426487, guid: e52ec271b85bce841a90e6e850b90679,
        type: 3}
      propertyPath: m_LocalRotation.y
      value: -0
      objectReference: {fileID: 0}
    - target: {fileID: 2102200144589426487, guid: e52ec271b85bce841a90e6e850b90679,
        type: 3}
      propertyPath: m_LocalRotation.z
      value: -0
      objectReference: {fileID: 0}
    - target: {fileID: 2102200144589426487, guid: e52ec271b85bce841a90e6e850b90679,
        type: 3}
      propertyPath: m_LocalRotation.w
      value: 1
      objectReference: {fileID: 0}
    - target: {fileID: 2102200144589426487, guid: e52ec271b85bce841a90e6e850b90679,
        type: 3}
      propertyPath: m_RootOrder
      value: 2
      objectReference: {fileID: 0}
    - target: {fileID: 2102200144589426487, guid: e52ec271b85bce841a90e6e850b90679,
        type: 3}
      propertyPath: m_LocalEulerAnglesHint.x
      value: 0
      objectReference: {fileID: 0}
    - target: {fileID: 2102200144589426487, guid: e52ec271b85bce841a90e6e850b90679,
        type: 3}
      propertyPath: m_LocalEulerAnglesHint.y
      value: 0
      objectReference: {fileID: 0}
    - target: {fileID: 2102200144589426487, guid: e52ec271b85bce841a90e6e850b90679,
        type: 3}
      propertyPath: m_LocalEulerAnglesHint.z
      value: 0
      objectReference: {fileID: 0}
    - target: {fileID: 2102200144589426487, guid: e52ec271b85bce841a90e6e850b90679,
        type: 3}
      propertyPath: m_AnchoredPosition.x
      value: 0
      objectReference: {fileID: 0}
    - target: {fileID: 2102200144589426487, guid: e52ec271b85bce841a90e6e850b90679,
        type: 3}
      propertyPath: m_AnchoredPosition.y
      value: 0
      objectReference: {fileID: 0}
    - target: {fileID: 2102200144589426487, guid: e52ec271b85bce841a90e6e850b90679,
        type: 3}
      propertyPath: m_SizeDelta.x
      value: 48.86
      objectReference: {fileID: 0}
    - target: {fileID: 2102200144589426487, guid: e52ec271b85bce841a90e6e850b90679,
        type: 3}
      propertyPath: m_SizeDelta.y
      value: 92.65
      objectReference: {fileID: 0}
    - target: {fileID: 2102200144589426487, guid: e52ec271b85bce841a90e6e850b90679,
        type: 3}
      propertyPath: m_AnchorMin.x
      value: 0
      objectReference: {fileID: 0}
    - target: {fileID: 2102200144589426487, guid: e52ec271b85bce841a90e6e850b90679,
        type: 3}
      propertyPath: m_AnchorMin.y
      value: 0
      objectReference: {fileID: 0}
    - target: {fileID: 2102200144589426487, guid: e52ec271b85bce841a90e6e850b90679,
        type: 3}
      propertyPath: m_AnchorMax.x
      value: 0
      objectReference: {fileID: 0}
    - target: {fileID: 2102200144589426487, guid: e52ec271b85bce841a90e6e850b90679,
        type: 3}
      propertyPath: m_AnchorMax.y
      value: 0
      objectReference: {fileID: 0}
    - target: {fileID: 2102200144589426487, guid: e52ec271b85bce841a90e6e850b90679,
        type: 3}
      propertyPath: m_Pivot.x
      value: 0.5
      objectReference: {fileID: 0}
    - target: {fileID: 2102200144589426487, guid: e52ec271b85bce841a90e6e850b90679,
        type: 3}
      propertyPath: m_Pivot.y
      value: 0.5
      objectReference: {fileID: 0}
    - target: {fileID: 2102200144589426487, guid: e52ec271b85bce841a90e6e850b90679,
        type: 3}
      propertyPath: m_LocalScale.x
      value: 1
      objectReference: {fileID: 0}
    - target: {fileID: 2102200144589426487, guid: e52ec271b85bce841a90e6e850b90679,
        type: 3}
      propertyPath: m_LocalScale.y
      value: 1
      objectReference: {fileID: 0}
    - target: {fileID: 2102200144589426487, guid: e52ec271b85bce841a90e6e850b90679,
        type: 3}
      propertyPath: m_LocalScale.z
      value: 1
      objectReference: {fileID: 0}
    - target: {fileID: 7286750678462527489, guid: e52ec271b85bce841a90e6e850b90679,
        type: 3}
      propertyPath: m_Sprite
      value: 
      objectReference: {fileID: 21300000, guid: 0e9b2be8311c8494a9d1c6c370e5df09,
        type: 3}
    m_RemovedComponents:
    - {fileID: 607330268955573738, guid: e52ec271b85bce841a90e6e850b90679, type: 3}
  m_SourcePrefab: {fileID: 100100000, guid: e52ec271b85bce841a90e6e850b90679, type: 3}
--- !u!224 &8898939934540498827 stripped
RectTransform:
  m_CorrespondingSourceObject: {fileID: 2102200144589426487, guid: e52ec271b85bce841a90e6e850b90679,
    type: 3}
  m_PrefabInstance: {fileID: 7373484800370542780}
  m_PrefabAsset: {fileID: 0}
--- !u!114 &237666579101020349 stripped
MonoBehaviour:
  m_CorrespondingSourceObject: {fileID: 7286750678462527489, guid: e52ec271b85bce841a90e6e850b90679,
    type: 3}
  m_PrefabInstance: {fileID: 7373484800370542780}
  m_PrefabAsset: {fileID: 0}
  m_GameObject: {fileID: 0}
  m_Enabled: 1
  m_EditorHideFlags: 0
  m_Script: {fileID: 11500000, guid: fe87c0e1cc204ed48ad3b37840f39efc, type: 3}
  m_Name: 
  m_EditorClassIdentifier: 
